<?xml version="1.0" encoding="UTF-8"?><collection xmlns="http://www.loc.gov/MARC21/slim"><record><leader>00578nam--2200133-i-4500</leader><controlfield tag="001">000037270</controlfield><controlfield tag="002">20161230</controlfield><controlfield tag="005">20161230201041</controlfield><controlfield tag="008">060222s1000------------r-----000-0-eng-d</controlfield><datafield ind1=" " ind2=" " tag="080"><subfield code="a">546.791:541.28:621.039.3:061.3</subfield></datafield><datafield ind1=" " ind2=" " tag="245"><subfield code="a">Problemi della separazione isotopica dell`uranio. atti del simposio nucleare organizzato a torino nei gionrni 1-2 ottobre 1968, dal comitato nazionale energia nucleare con la collaborazione del xviii salone internazionale della technica</subfield></datafield><datafield ind1=" " ind2=" " tag="260"><subfield code="a">Roma, Comitato Nazionale Energia Nucleare, 1968, Xii + 287p</subfield></datafield><datafield ind1=" " ind2=" " tag="490"><subfield code="a">Series Simposi</subfield></datafield><datafield ind1=" " ind2=" " tag="852"><subfield code="a">36516</subfield></datafield></record></collection>